<?xml version="1.0" encoding="UTF-8"?><collection xmlns="http://www.loc.gov/MARC21/slim"><record><leader>00520nam--2200169-i-4500</leader><controlfield tag="001">000025897</controlfield><controlfield tag="002">20161230</controlfield><controlfield tag="005">20161230201036</controlfield><controlfield tag="008">060222s1000------------r-----000-0-eng-d</controlfield><datafield ind1=" " ind2=" " tag="040"><subfield code="a">IFIN-HH</subfield></datafield><datafield ind1=" " ind2=" " tag="080"><subfield code="a">53(4)(061.3)</subfield></datafield><datafield ind1="1" ind2=" " tag="100"><subfield code="a">Tomak, M</subfield></datafield><datafield ind1="1" ind2="0" tag="245"><subfield code="a">The international seminar on the problems of physics in the developing regions in europe. september 4-5, 1981 istanbul</subfield><subfield code="c">M.tomak (ed.)</subfield></datafield><datafield ind1=" " ind2=" " tag="260"><subfield code="a">Istanbul</subfield><subfield code="b">European Physical Society</subfield><subfield code="c">1981</subfield></datafield><datafield ind1=" " ind2=" " tag="300"><subfield code="a">203P</subfield></datafield><datafield ind1=" " ind2=" " tag="852"><subfield code="a">49927</subfield><subfield code="c">53</subfield></datafield><datafield ind1=" " ind2=" " tag="CAT"><subfield code="a">Sys</subfield><subfield code="c">20150805</subfield><subfield code="h">160812</subfield></datafield></record></collection>